@article{bereska2024mechanistic,
  title={Mechanistic Interpretability for AI Safety--A Review},
  author={Bereska, Leonard and Gavves, Efstratios},
  journal={arXiv preprint arXiv:2404.14082},
  year={2024}
}
@article{gao2024scaling,
  title={Scaling and evaluating sparse autoencoders},
  author={Gao, Leo and la Tour, Tom Dupr{\'e} and Tillman, Henk and Goh, Gabriel and Troll, Rajan and Radford, Alec and Sutskever, Ilya and Leike, Jan and Wu, Jeffrey},
  journal={arXiv preprint arXiv:2406.04093},
  year={2024}
}
@article{cunningham2023sparse,
  title={Sparse autoencoders find highly interpretable features in language models},
  author={Cunningham, Hoagy and Ewart, Aidan and Riggs, Logan and Huben, Robert and Sharkey, Lee},
  journal={arXiv preprint arXiv:2309.08600},
  year={2023}
}
@article{bricken2023towards,
  title={Towards Monosemanticity: Decomposing Language Models With Dictionary Learning},
  author={Bricken, Thomas and Templeton, Alex and Batson, Joshua and Chen, Ben and Jermyn, Adam and Conerly, Tom and Turner, Neel and Tamkin, Alex and Carter, Shan},
  year={2023},
  journal={Transformer Circuits Thread},
  note={Accessed: 2025-02-17},
}
@article{engels2024not,
  title={Not all language model features are linear},
  author={Engels, Joshua and Michaud, Eric J and Liao, Isaac and Gurnee, Wes and Tegmark, Max},
  journal={arXiv preprint arXiv:2405.14860},
  year={2024}
}
@article{engels2024decomposing,
  title={Decomposing The Dark Matter of Sparse Autoencoders},
  author={Engels, Joshua and Riggs, Logan and Tegmark, Max},
  journal={arXiv preprint arXiv:2410.14670},
  year={2024}
}
@article{merullo2024talking,
  title={Talking Heads: Understanding Inter-layer Communication in Transformer Language Models},
  author={Merullo, Jack and Eickhoff, Carsten and Pavlick, Ellie},
  journal={arXiv preprint arXiv:2406.09519},
  year={2024}
}
@article{lindsey2024sparse,
  title={Sparse crosscoders for cross-layer features and model diffing},
  author={Lindsey, Jack and Templeton, Adly and Marcus, Jonathan and Conerly, Thomas and Batson, Joshua and Olah, Christopher},
  journal={Transformer Circuits Thread},
  year={2024}
}
@article{mnih2015human,
  title={Human-level control through deep reinforcement learning},
  author={Mnih, Volodymyr and Kavukcuoglu, Koray and Silver, David and Rusu, Andrei A and Veness, Joel and Bellemare, Marc G and Graves, Alex and Riedmiller, Martin and Fidjeland, Andreas K and Ostrovski, Georg and others},
  journal={nature},
  volume={518},
  number={7540},
  pages={529--533},
  year={2015},
  publisher={Nature Publishing Group UK London}
}
@article{pascanu2013difficulty,
  title={On the difficulty of training recurrent neural networks},
  author={Pascanu, R},
  journal={arXiv preprint arXiv:1211.5063},
  year={2013}
}
@article{goodfellow2014generative,
  title={Generative adversarial nets},
  author={Goodfellow, Ian and Pouget-Abadie, Jean and Mirza, Mehdi and Xu, Bing and Warde-Farley, David and Ozair, Sherjil and Courville, Aaron and Bengio, Yoshua},
  journal={Advances in neural information processing systems},
  volume={27},
  year={2014}
}
@article{ho2020denoising,
  title={Denoising diffusion probabilistic models},
  author={Ho, Jonathan and Jain, Ajay and Abbeel, Pieter},
  journal={Advances in neural information processing systems},
  volume={33},
  pages={6840--6851},
  year={2020}
}
@inproceedings{watanabe2007almost,
  title={Almost all learning machines are singular},
  author={Watanabe, Sumio},
  booktitle={2007 IEEE Symposium on Foundations of Computational Intelligence},
  pages={383--388},
  year={2007},
  organization={IEEE}
}
@article{watanabe2000algebraic,
  title={Algebraic information geometry for learning machines with singularities},
  author={Watanabe, Sumio},
  journal={Advances in neural information processing systems},
  volume={13},
  year={2000}
}
@article{watanabe2005algebraic,
  title={Algebraic geometry of singular learning machines and symmetry of generalization and training errors},
  author={Watanabe, Sumio},
  journal={Neurocomputing},
  volume={67},
  pages={198--213},
  year={2005},
  publisher={Elsevier}
}
@article{wei2022deep,
  title={Deep learning is singular, and thatâ€™s good},
  author={Wei, Susan and Murfet, Daniel and Gong, Mingming and Li, Hui and Gell-Redman, Jesse and Quella, Thomas},
  journal={IEEE Transactions on Neural Networks and Learning Systems},
  volume={34},
  number={12},
  pages={10473--10486},
  year={2022},
  publisher={IEEE}
}
@inproceedings{wang2024loss,
  title={Loss landscape geometry reveals stagewise development of transformers},
  author={Wang, George and Farrugia-Roberts, Matthew and Hoogland, Jesse and Carroll, Liam and Wei, Susan and Murfet, Daniel},
  booktitle={High-dimensional Learning Dynamics 2024: The Emergence of Structure and Reasoning},
  year={2024}
}
@article{davies2023unifying,
  title={Unifying grokking and double descent},
  author={Davies, Xander and Langosco, Lauro and Krueger, David},
  journal={arXiv preprint arXiv:2303.06173},
  year={2023}
}
@article{hoogland2024developmental,
  title={The developmental landscape of in-context learning},
  author={Hoogland, Jesse and Wang, George and Farrugia-Roberts, Matthew and Carroll, Liam and Wei, Susan and Murfet, Daniel},
  journal={arXiv preprint arXiv:2402.02364},
  year={2024}
}
@article{bushnaq2024using,
  title={Using Degeneracy in the Loss Landscape for Mechanistic Interpretability},
  author={Bushnaq, Lucius and Mendel, Jake and Heimersheim, Stefan and Braun, Dan and Goldowsky-Dill, Nicholas and H{\"a}nni, Kaarel and Wu, Cindy and Hobbhahn, Marius},
  journal={arXiv preprint arXiv:2405.10927},
  year={2024}
}
@article{sharkey2025open,
  title={Open Problems in Mechanistic Interpretability},
  author={Sharkey, Lee and Chughtai, Bilal and Batson, Joshua and Lindsey, Jack and Wu, Jeff and Bushnaq, Lucius and Goldowsky-Dill, Nicholas and Heimersheim, Stefan and Ortega, Alejandro and Bloom, Joseph and others},
  journal={arXiv preprint arXiv:2501.16496},
  year={2025}
}
@article{matena2023npeff,
  title={NPEFF: Non-Negative Per-Example Fisher Factorization},
  author={Matena, Michael and Raffel, Colin},
  journal={arXiv preprint arXiv:2310.04649},
  year={2023}
}
@article{braun2025interpretability,
  title={Interpretability in Parameter Space: Minimizing Mechanistic Description Length with Attribution-based Parameter Decomposition},
  author={Braun, Dan and Bushnaq, Lucius and Heimersheim, Stefan and Mendel, Jake and Sharkey, Lee},
  journal={arXiv preprint arXiv:2501.14926},
  year={2025}
}
@article{elhage2022toy,
  title={Toy models of superposition},
  author={Elhage, Nelson and Hume, Tristan and Olsson, Catherine and Schiefer, Nicholas and Henighan, Tom and Kravec, Shauna and Hatfield-Dodds, Zac and Lasenby, Robert and Drain, Dawn and Chen, Carol and others},
  journal={arXiv preprint arXiv:2209.10652},
  year={2022}
}
@article{bussmann2024batchtopk,
  title={Batchtopk sparse autoencoders},
  author={Bussmann, Bart and Leask, Patrick and Nanda, Neel},
  journal={arXiv preprint arXiv:2412.06410},
  year={2024}
}
